@book{knuth:84,
  author    = {Donald E. Knuth},
  title     = {The {\TeX} Book},
  publisher = {Addison-Wesley},
  year      = {1984},
  edition   = {15th}
}

@article{oda1998estudo,
  title   = {Um estudo sobre diversifica{\c{c}}{\~a}o na Bolsa de Valores de S{\~a}o Paulo},
  author  = {Oda, Andr{\'e} Luiz and Senger, Maria Carlota Morandin and Ch{\'a}ra, Alexandre Noboru},
  journal = {XXII Encontro da Associa{\c{c}}{\~a}o Nacional de P{\'o}s-Gradua{\c{c}}{\~a}o em Administra{\c{c}}{\~a}o (ENANAP)},
  year    = {1998}
}

@manual{btg:2017,
  title   = {Diversificação de investimentos: o que é e quais as suas vantagens},
  author  = {BTG Pactual},
  url     = {https://www.btgpactualdigital.com/blog/investimentos/diversificacao-de-investimentos},
  year    = {2017},
  address = {Acesso em 28 de setembro de 2020}
}

@manual{uol:2020,
  title   = {Bitcoin é investimento de risco, mas dá para ganhar sem cair em golpes},
  author  = {João José Oliveira},
  url     = {https://economia.uol.com.br/financas-pessoais/noticias/redacao/2020/04/12/bitcoin-e-investimento-de-risco-mas-da-para-ganhar-sem-cair-em-golpes.htm},
  year    = {2020},
  address = {Acesso em 28 de setembro de 2020}
}

@Manual{r:2020,
    title        = {R: A Language and Environment for Statistical Computing},
    author       = {{R Core Team}},
    organization = {R Foundation for Statistical Computing},
    address      = {Vienna, Austria},
    year         = {2020},
    url          = {https://www.R-project.org/},
}

@book{goossens93,
  author    = {Michel Goossens and Frank Mittelbach and Alexander Samarin},
  title     = {The LaTeX Companion},
  year      = {1993},
  publisher = {Addison-Wesley},
  address   = {Reading, Massachusetts}
}


@misc{chollet2015,
  author       = {François Chollet},
  title        = {keras},
  year         = {2015},
  publisher    = {GitHub},
  journal      = {GitHub repository},
  howpublished = {\url{https://github.com/fchollet/keras}},
  commit       = {5bcac37}
}

@misc{tensorflow2015,
  title  = { {TensorFlow}: Large-Scale Machine Learning on Heterogeneous Systems},
  url    = {https://www.tensorflow.org/},
  note   = {Software available from tensorflow.org},
  author = {
    Mart\'{\i}n~Abadi and
    Ashish~Agarwal and
    Paul~Barham and
    Eugene~Brevdo and
    Zhifeng~Chen and
    Craig~Citro and
    Greg~S.~Corrado and
    Andy~Davis and
    Jeffrey~Dean and
    Matthieu~Devin and
    Sanjay~Ghemawat and
    Ian~Goodfellow and
    Andrew~Harp and
    Geoffrey~Irving and
    Michael~Isard and
    Yangqing Jia and
    Rafal~Jozefowicz and
    Lukasz~Kaiser and
    Manjunath~Kudlur and
    Josh~Levenberg and
    Dandelion~Man\'{e} and
    Rajat~Monga and
    Sherry~Moore and
    Derek~Murray and
    Chris~Olah and
    Mike~Schuster and
    Jonathon~Shlens and
    Benoit~Steiner and
    Ilya~Sutskever and
    Kunal~Talwar and
    Paul~Tucker and
    Vincent~Vanhoucke and
    Vijay~Vasudevan and
    Fernanda~Vi\'{e}gas and
    Oriol~Vinyals and
    Pete~Warden and
    Martin~Wattenberg and
    Martin~Wicke and
    Yuan~Yu and
    Xiaoqiang~Zheng},
  year   = {2015}
}


@techreport{nakamoto2019bitcoin,
  title       = {Bitcoin: A peer-to-peer electronic cash system},
  author      = {Nakamoto, Satoshi},
  year        = {2019},
  institution = {Manubot}
}

@manual{shawn:2017,
  title   = {Blockchain Key Terms, Explained},
  author  = {Reena Shawn},
  url     = {https://www.kdnuggets.com/2017/11/blockchain-key-terms-explained.html},
  year    = {2017},
  address = {Acesso em 28 de setembro de 2020}
}

@manual{tanaka:2018,
  title   = {3 tipos de aprendizado caracterizam o Machine Learning},
  author  = {Marcos Tanaka},
  url     = {https://cio.com.br/tendencias/3-tipos-de-aprendizado-caracterizam-o-machine-learning/},
  year    = {2018},
  address = {Acesso em 28 de setembro de 2020}
}

@book{kelleher2020fundamentals,
  title     = {Fundamentals of machine learning for predictive data analytics: algorithms, worked examples, and case studies},
  author    = {Kelleher, John D and Mac Namee, Brian and D'arcy, Aoife},
  year      = {2020},
  publisher = {MIT press}
}

@article{de2003tecnicas,
  title   = {T{\'e}cnicas de aprendizado de m{\'a}quina para problemas de biologia molecular},
  author  = {De Souto, MCP and Lorena, AC and Delbem, ACB and de Carvalho, ACPLF},
  journal = {Sociedade Brasileira de Computa{\c{c}}ao},
  volume  = {1},
  number  = {2},
  year    = {2003}
}

@article{rauber2005redes,
  title   = {Redes neurais artificiais},
  author  = {Rauber, Thomas Walter},
  journal = {Universidade Federal do Esp{\'\i}rito Santo},
  pages   = {29},
  year    = {2005}
}


@article{bishop1996neural,
  title     = {Neural networks: a pattern recognition perspective},
  author    = {Bishop, Christopher M},
  year      = {1996},
  publisher = {Aston University}
}

@manual{tidymodels,
  title  = {Tidymodels: a collection of packages for modeling and
      machine learning using tidyverse principles.},
  author = {Max Kuhn and Hadley Wickham},
  url    = {https://www.tidymodels.org},
  year   = {2020}
}

@article{glmnet,
  title   = {Regularization Paths for Generalized Linear Models via
      Coordinate Descent},
  author  = {Jerome Friedman and Trevor Hastie and Robert Tibshirani},
  journal = {Journal of Statistical Software},
  year    = {2010},
  volume  = {33},
  number  = {1},
  pages   = {1--22},
  url     = {http://www.jstatsoft.org/v33/i01/}
}

@article{randomforest,
  title   = {Classification and Regression by randomForest},
  author  = {Andy Liaw and Matthew Wiener},
  journal = {R News},
  year    = {2002},
  volume  = {2},
  number  = {3},
  pages   = {18-22},
  url     = {https://CRAN.R-project.org/doc/Rnews/}
}


@article{bailer2001introduction,
  title={An introduction to artificial neural networks},
  author={Bailer-Jones, Coryn AL and Gupta, Ranjan and Singh, Harinder P},
  journal={arXiv preprint astro-ph/0102224},
  year={2001}
}

@article{sarle1994neural,
  title={Neural networks and statistical models},
  author={Sarle, Warren S},
  year={1994},
  publisher={Citeseer}
}

@book{bishop1995neural,
  title={Neural networks for pattern recognition},
  author={Bishop, Christopher M and others},
  year={1995},
  publisher={Oxford university press}
}

@phdthesis{rodrigues2012modelo,
  title={Modelo de regress{\~a}o linear e suas aplica{\c{c}}{\~o}es},
  author={Rodrigues, Sandra Cristina Antunes},
  year={2012},
  school={Universidade da Beira Interior}
}

@article{breiman2001random,
  title={Random forests},
  author={Breiman, Leo},
  journal={Machine learning},
  volume={45},
  number={1},
  pages={5--32},
  year={2001},
  publisher={Springer}
}